<?xml version="1.0" encoding="UTF-8"?><collection><record><leader>06817ntm a2200517 a 4500</leader><controlfield tag="001">005988891</controlfield><controlfield tag="003">MiAaHDL</controlfield><controlfield tag="005">20190719000000.0</controlfield><controlfield tag="006">m        d        </controlfield><controlfield tag="007">cr bn ---auaua</controlfield><controlfield tag="008">090406s1849    xx            00| ||ara d</controlfield><datafield tag="035" ind1=" " ind2=" "><subfield code="a">(MiU)005988891</subfield></datafield><datafield tag="035" ind1=" " ind2=" "><subfield code="a">sdr-miu005988891</subfield></datafield><datafield tag="040" ind1=" " ind2=" "><subfield code="a">MiU</subfield><subfield code="c">MiU</subfield><subfield code="e">amremm</subfield></datafield><datafield tag="043" ind1=" " ind2=" "><subfield code="a">n-us-mi</subfield></datafield><datafield tag="100" ind1="1" ind2=" "><subfield code="6">880-01</subfield><subfield code="a">Islāmbūlī, Aḥmad ibn ʻUmar,</subfield><subfield code="d">d.1865.</subfield></datafield><datafield tag="245" ind1="1" ind2="0"><subfield code="6">880-02</subfield><subfield code="a">Tuḥfat al-nāsik fī bayān al-manāsik,</subfield><subfield code="f">[1265, i.e. 1849].</subfield></datafield><datafield tag="260" ind1=" " ind2=" "><subfield code="c">[1849].</subfield></datafield><datafield tag="300" ind1=" " ind2=" "><subfield code="a">50 leaves :</subfield><subfield code="b">paper ;</subfield><subfield code="c">153 x 102 (120 x 70) mm. bound to 153 x 108 mm.</subfield></datafield><datafield tag="500" ind1=" " ind2=" "><subfield code="a">Shelfmark: Ann Arbor, University of Michigan, Special Collections Library, Isl. Ms. 41</subfield></datafield><datafield tag="500" ind1=" " ind2=" "><subfield code="a">Origin: As appears in colophon on fol.48a (p.97), copied by ʻAbd al-Fattāḥ ibn al-Sayyid ʻAbd Allāh al-Qaysī. Transcription finished ("wa-kāna al-farāgh minhā...") 10 Shawwāl 1265 [ca. 29 August 1849]. Corrected by the author as attested by his autograph on fol.48a (p.97).</subfield></datafield><datafield tag="500" ind1=" " ind2=" "><subfield code="a">Former shelfmark: British Museum, London "No. 156. Risalah fi 'l-hajj."</subfield></datafield><datafield tag="500" ind1=" " ind2=" "><subfield code="a">Binding: Pasteboards covered in green paper with spine, fore-edge flap, and edges/turn-ins in red leather ; Type II binding (with flap, tucked inside lower cover) ; board linings in paper ; sewn in white thread, two stations ; chevron endbands in blue and white ; in fair condition with abrasion, staining, lifting of leather at spine and fore-edge, etc.</subfield></datafield><datafield tag="500" ind1=" " ind2=" "><subfield code="a">Support: European laid and wove paper ; first two quires in laid paper with chain lines spaced 25-27 mm. apart (vertical) and roughly 10 laid lines per cm., tre lune watermark and cursive "G B [?]" countermark ; latter three quires in wove paper.</subfield></datafield><datafield tag="500" ind1=" " ind2=" "><subfield code="a">Decoration: Text rubricated with keywords, section headings, overlining, etc. in red.</subfield></datafield><datafield tag="500" ind1=" " ind2=" "><subfield code="a">Script: Naskh ; bold Turkish hand ; sans serif ; angular ; descenders tapered or flattened ; many open counters ; pointing with two dots fairly distinct ; very slight effect of tilt to left ; horizontal strokes somewhat elongated.</subfield></datafield><datafield tag="500" ind1=" " ind2=" "><subfield code="a">Layout: Written in 17 lines per page ; frame-ruled (impression of ruling board evident).</subfield></datafield><datafield tag="500" ind1=" " ind2=" "><subfield code="a">Collation: i, 5 V(50) ; entirely quinions ; final two leaves left blank ; catchwords present ; foliation in black ink, Hindu-Arabic numerals (begins on fol.2 with ٢ and ends on fol.48 with ٤٨) ; pagination in pencil, Western numerals, supplied during digitization (includes front flyleaf).</subfield></datafield><datafield tag="500" ind1=" " ind2=" "><subfield code="a">Colophon: "Scribal," rectangular, reads: "تم وكان الفراغ منها في شهر شوال ١۰ تمت بخير على يد الفقير الزليل عبد الفتاح ابن السيد عبد الله القيسي غفر الله له ولوالديه ولكل المسلمين والمسلمات الاحياء والامهات [؟] سنة ۱۲٦٥"</subfield></datafield><datafield tag="500" ind1=" " ind2=" "><subfield code="a">Explicit: "فالعاقل الذي يؤاثر اخرته على دنياه ويغتنم التشرف بالنبي صلى الله عليه وسلم على الدوام رزقنا الله واياك ذلك على احسن حال واتم مرام على ما يرضى الله ويرضى رسوله صلى الله عليه وسلم ولا تنسني من دعائك بلغك الله ذلك والحج المبرور الذي ليس له جزاء الا الجنة وجميع مقاصدك من خير الدنيا والآخرة بحرمة النبي صلى الله عليه وسلم وجميع الانبياء والمرسلين مع الصحة والعافية وردك سالما مقبولا وجميع الحجاج امين تم"</subfield></datafield><datafield tag="500" ind1=" " ind2=" "><subfield code="a">Incipit: "الحمد لله ميسر الامور ومنور القلوب وشارح الصدور والصلاة والسلام على سيدنا محمد النبي المؤيد المنصور وعلى جميع اله واصحابه اهل الكمال والحضور ما قصدت حجاج زيارة نبيهم المصطفى بدر البدور والبيت الحرام وعرفة وفازوا بعظيم الثواب وجزيل الاجور اما بعد فهذا منسك مختصر على مذهب الامام الاعظم ابي حنيفة المقدم رحمه الله تعالى مشتمل على ما لا بد منه لكل من قصد الحج الى بيت الله الحرام وزيارة حضرة النبي عليه افضل الصلاة واكل السلام ..."</subfield></datafield><datafield tag="500" ind1=" " ind2=" "><subfield code="a">Title from inscription on 'title page' fol.1a (p.3).</subfield></datafield><datafield tag="500" ind1=" " ind2=" "><subfield code="a">Ms. codex.</subfield></datafield><datafield tag="510" ind1="4" ind2=" "><subfield code="a">Kaḥḥālah, ʻUmar. Muʻjam al-muʼallifīn, (Dimashq, 1957),</subfield><subfield code="c">v.2, p.28</subfield></datafield><datafield tag="520" ind1="8" ind2=" "><subfield code="a">Clear copy of a Ḥanafī tract on the Pilgrimage by Aḥmad ibn ʻUmar al-Islāmbūlī (al-Istānbūlī, see Kaḥḥālah p.28, v.2 ed. Dimashq, 1958). Collated and corrected by the author and carrying his autograph (see 'titlepage' fol.1a/p.3 and fol.48a/p.97 in particular).</subfield></datafield><datafield tag="538" ind1=" " ind2=" "><subfield code="a">Mode of access: Internet.</subfield></datafield><datafield tag="541" ind1=" " ind2=" "><subfield code="c">Purchase ;</subfield><subfield code="a">Acquired by purchase along with Abdul Hamid Collection (funds donated by Horace Rackham).</subfield><subfield code="d">1924.</subfield></datafield><datafield tag="546" ind1=" " ind2=" "><subfield code="a">Arabic.</subfield></datafield><datafield tag="561" ind1=" " ind2=" "><subfield code="a">Bookplate of British Museum, London on inner front cover, "British Museum, London. No. 156. Risalah fi 'l-hajj." ; circular seal impression with figure of goat/gazelle in purple ink as well as inscription "488" in Western numerals on fol.1a (p.3) ; also on fol.1a (p.3) faint circular waqf-seal impression in blue ink "وقف هذا الكتاب [المرحوم المغفور الحاج عزت باشا] " ; two dated loan statements (which appear to be in the hand of the author) on fol.1a (p.3) "عارية عند محمد شريف افندى قاضى الحجاج سنة ١٢٦٦" and "عارية عند جناب حقى افندى ديوان افندسى المحترم في ۲۱ ل سنة ۱۲٦٨" [21 Shawwal 1268 = ca. 8 August 1852] ; marginal corrections and notabilia in the hand of the author, see collation/correction statement on fol.48a (p.97) (appears to be the author's autograph) "سردتها نظرا وصححتها حسب الامكان وانا مؤلفها الفقير الجهول احمد الاسلامبولى ابن عمر افندى الاسلامبولى عفا الله تعالى عنهما بمنه وكرمه امين".</subfield></datafield><datafield tag="650" ind1=" " ind2="0"><subfield code="a">Manuscripts, Arabic</subfield><subfield code="z">Michigan</subfield><subfield code="z">Ann Arbor.</subfield></datafield><datafield tag="650" ind1=" " ind2="0"><subfield code="a">Muslim pilgrims and pilgrimages</subfield><subfield code="z">Saudi Arabia</subfield><subfield code="z">Mecca.</subfield></datafield><datafield tag="700" ind1="0" ind2=" "><subfield code="6">880-04</subfield><subfield code="a">ʻAbd al-Fattāḥ ibn ʻAbd Allāh al-Qaysī,</subfield><subfield code="d">fl.1849,</subfield><subfield code="e">scribe.</subfield></datafield><datafield tag="773" ind1="0" ind2=" "><subfield code="a">Tiflis Collection.</subfield></datafield><datafield tag="880" ind1="0" ind2=" "><subfield code="6">700-04/</subfield><subfield code="a">عبد الفتاح بن عبد الله القيسي،</subfield><subfield code="e">ناسخ.</subfield></datafield><datafield tag="880" ind1="1" ind2="0"><subfield code="6">245-02/</subfield><subfield code="a">تحفة الناسك في بيان المناسك,</subfield><subfield code="f">[1265ه, 1849م].</subfield></datafield><datafield tag="880" ind1="1" ind2=" "><subfield code="6">100-01/</subfield><subfield code="a">اسلامبولي، احمد بن عمر.</subfield></datafield><datafield tag="CID" ind1=" " ind2=" "><subfield code="a">005988891</subfield></datafield><datafield tag="DAT" ind1="0" ind2=" "><subfield code="a">20190719102634.0</subfield><subfield code="b">20190719000000.0</subfield></datafield><datafield tag="DAT" ind1="1" ind2=" "><subfield code="a">20190719090653.0</subfield><subfield code="b">2019-07-19T16:11:10Z</subfield></datafield><datafield tag="DAT" ind1="2" ind2=" "><subfield code="a">2015-10-02T18:00:03Z</subfield></datafield><datafield tag="CAT" ind1=" " ind2=" "><subfield code="a">SDR-MIU</subfield><subfield code="d">EX LIBRIS - ALEPH</subfield><subfield code="l">prepare.pl-004-008</subfield></datafield><datafield tag="FMT" ind1=" " ind2=" "><subfield code="a">BK</subfield></datafield><datafield tag="HOL" ind1=" " ind2=" "><subfield code="0">sdr-miu005988891</subfield><subfield code="a">MiU</subfield><subfield code="b">SDR</subfield><subfield code="c">MIU</subfield><subfield code="p">mdp.39015079105519</subfield><subfield code="s">MIU</subfield><subfield code="1">005988891</subfield></datafield><datafield tag="974" ind1=" " ind2=" "><subfield code="b">MIU</subfield><subfield code="c">MIU</subfield><subfield code="d">20190719</subfield><subfield code="s">lit-dlps-dc</subfield><subfield code="u">mdp.39015079105519</subfield><subfield code="y">1849</subfield><subfield code="r">pd</subfield><subfield code="q">bib</subfield><subfield code="t">non-US bib date1 &lt; 1879</subfield></datafield></record></collection>